<record><leader>00000cas a22000007a 4500</leader><controlfield tag="001">24873350</controlfield><controlfield tag="008">911129d18831883ohuwr ne      0    0eng d</controlfield><datafield ind1=" " ind2=" " tag="010"><subfield code="a">sn 91069010 </subfield></datafield><datafield ind1=" " ind2=" " tag="040"><subfield code="a">ONP</subfield><subfield code="b">eng</subfield><subfield code="c">ONP</subfield><subfield code="d">OCLCQ</subfield><subfield code="d">OCLCF</subfield><subfield code="d">OCLCO</subfield></datafield><datafield ind1="1" ind2=" " tag="029"><subfield code="a">AU@</subfield><subfield code="b">000025864022</subfield></datafield><datafield ind1=" " ind2=" " tag="042"><subfield code="a">msc</subfield></datafield><datafield ind1=" " ind2=" " tag="043"><subfield code="a">n-us-oh</subfield></datafield><datafield ind1="0" ind2=" " tag="130"><subfield code="a">Argus (New Philadelphia, Ohio)</subfield></datafield><datafield ind1="1" ind2="4" tag="245"><subfield code="a">The Argus.</subfield></datafield><datafield ind1="1" ind2="3" tag="246"><subfield code="a">Weekly Argus</subfield></datafield><datafield ind1=" " ind2=" " tag="260"><subfield code="a">New Philadelphia, Ohio :</subfield><subfield code="b">Watson &amp; DeGreif,</subfield><subfield code="c">1883.</subfield></datafield><datafield ind1=" " ind2=" " tag="300"><subfield code="a">v.</subfield></datafield><datafield ind1=" " ind2=" " tag="310"><subfield code="a">Weekly</subfield></datafield><datafield ind1="0" ind2=" " tag="362"><subfield code="a">Vol. 3, no. 33 (Jan. 4, 1883)-v. 3, no. 41 (Mar. 1, 1883) = whole no. 133-whole no. 141.</subfield></datafield><datafield ind1=" " ind2="0" tag="651"><subfield code="a">New Philadelphia (Ohio)</subfield><subfield code="v">Newspapers.</subfield></datafield><datafield ind1=" " ind2="0" tag="651"><subfield code="a">Tuscarawas County (Ohio)</subfield><subfield code="v">Newspapers.</subfield></datafield><datafield ind1=" " ind2="7" tag="655"><subfield code="a">Newspapers.</subfield><subfield code="2">fast</subfield><subfield code="0">(OCoLC)fst01423814</subfield></datafield><datafield ind1=" " ind2="7" tag="651"><subfield code="a">Ohio</subfield><subfield code="z">New Philadelphia.</subfield><subfield code="2">fast</subfield><subfield code="0">(OCoLC)fst01224835</subfield></datafield><datafield ind1=" " ind2="7" tag="651"><subfield code="a">Ohio</subfield><subfield code="z">Tuscarawas County.</subfield><subfield code="2">fast</subfield><subfield code="0">(OCoLC)fst01214193</subfield></datafield><datafield ind1=" " ind2=" " tag="752"><subfield code="a">United States</subfield><subfield code="b">Ohio</subfield><subfield code="c">Tuscarawas</subfield><subfield code="d">New Philadelphia.</subfield></datafield><datafield ind1="0" ind2="0" tag="780"><subfield code="t">Dover weekly Argus</subfield><subfield code="w">(DLC)sn 91069011</subfield></datafield><datafield ind1="0" ind2="0" tag="785"><subfield code="t">Tuscarawas County Argus</subfield><subfield code="w">(DLC)sn 91069009</subfield></datafield></record>